@ARTICLE{online:pwm,
	author = {Timothy Hirzel},
	title = {Documentación de los pines PWM de la placa Arduino},
	journal = {https://www.arduino.cc/en/Tutorial/PWM},
	year = {2016},
	urldate = {2016-06-29}
}
@ARTICLE{online:varspeedservo,
	author = {Michael Margolis},
	title = {VarSpeedServo},
	journal = {https://github.com/netlabtoolkit/VarSpeedServo},
	year = {2009},
	urldate = {2016-06-29}
}
@ARTICLE{online:daydream,
	author = {Google},
	title = {Google VR: DayDream},
	journal = {https://vr.google.com/daydream/},
	year = {2016},
	urldate = {2016-06-29}
}